<record><leader>00000cas a22000007a 4500</leader><controlfield tag="001">9238133</controlfield><controlfield tag="008">830218d19051926okuwr ne      0    0eng d</controlfield><datafield ind1=" " ind2=" " tag="010"><subfield code="a">sn 83025077 </subfield></datafield><datafield ind1=" " ind2=" " tag="040"><subfield code="a">WIH</subfield><subfield code="b">eng</subfield><subfield code="c">WIH</subfield><subfield code="d">NPV</subfield><subfield code="d">ANU</subfield><subfield code="d">OBN</subfield><subfield code="d">OCL</subfield><subfield code="d">OCLCQ</subfield><subfield code="d">OCLCF</subfield><subfield code="d">OCLCO</subfield></datafield><datafield ind1="1" ind2=" " tag="029"><subfield code="a">AU@</subfield><subfield code="b">000025807163</subfield></datafield><datafield ind1=" " ind2=" " tag="042"><subfield code="a">msc</subfield></datafield><datafield ind1=" " ind2=" " tag="043"><subfield code="a">n-us-ok</subfield></datafield><datafield ind1="0" ind2="4" tag="245"><subfield code="a">The Boley progress.</subfield></datafield><datafield ind1="1" ind2="3" tag="246"><subfield code="a">Boley index</subfield></datafield><datafield ind1=" " ind2=" " tag="260"><subfield code="a">Boley, Indian Territory [Okla.] :</subfield><subfield code="b">O.H. Bradley</subfield></datafield><datafield ind1=" " ind2=" " tag="300"><subfield code="a">v.</subfield></datafield><datafield ind1=" " ind2=" " tag="310"><subfield code="a">Weekly</subfield></datafield><datafield ind1="0" ind2=" " tag="362"><subfield code="a">Vol. 1, no. 1 (Mar. 9, 1905)-v. 21, no. 13 (May 20, 1926).</subfield></datafield><datafield ind1=" " ind2=" " tag="500"><subfield code="a">Editors: Mar. 9, 1905-&lt;May 17, 1906&gt;, O.H. Bradley; &lt;Dec. 10, 1908-Mar. 11&gt;, 1909, Nelson Walker; &lt;Mar. 25&gt;, 1909-Feb. 3, 1910, E.D. Lynwood; Feb. 10-&lt;Aug. 18, 1910&gt;, O.H. Bradley; &lt;Sept. 8&gt;, 1910-&lt;May 5&gt;, 1911, I.S. White; &lt;Aug. 17&gt;, 1911-&lt;Jan. 4, 1912&gt;, W.R. Toliver; &lt;July 16&gt;-Aug. 6, 1915, Harry R. Graham; Aug. 13-&lt;Dec. 24, 1915&gt;, E.O. Tyler; &lt;Apr. 1-May 20, 1926&gt;, O.H. Bradley.</subfield></datafield><datafield ind1=" " ind2=" " tag="500"><subfield code="a">Published in Boley and Muskogee on May 20, 1926.</subfield></datafield><datafield ind1=" " ind2="0" tag="650"><subfield code="a">African Americans</subfield><subfield code="z">Oklahoma</subfield><subfield code="z">Boley</subfield><subfield code="v">Newspapers.</subfield></datafield><datafield ind1=" " ind2="0" tag="651"><subfield code="a">Boley (Okla.)</subfield><subfield code="v">Newspapers.</subfield></datafield><datafield ind1=" " ind2="0" tag="651"><subfield code="a">Okfuskee County (Okla.)</subfield><subfield code="v">Newspapers.</subfield></datafield><datafield ind1=" " ind2="0" tag="651"><subfield code="a">Indian Territory</subfield><subfield code="v">Newspapers.</subfield></datafield><datafield ind1=" " ind2="0" tag="651"><subfield code="a">Muskogee (Okla.)</subfield><subfield code="v">Newspapers.</subfield></datafield><datafield ind1=" " ind2="0" tag="651"><subfield code="a">Muskogee County (Okla.)</subfield><subfield code="v">Newspapers.</subfield></datafield><datafield ind1=" " ind2="7" tag="655"><subfield code="a">Newspapers.</subfield><subfield code="2">fast</subfield><subfield code="0">(OCoLC)fst01423814</subfield></datafield><datafield ind1=" " ind2="7" tag="650"><subfield code="a">African Americans.</subfield><subfield code="2">fast</subfield><subfield code="0">(OCoLC)fst00799558</subfield></datafield><datafield ind1=" " ind2="7" tag="651"><subfield code="a">Oklahoma</subfield><subfield code="z">Boley.</subfield><subfield code="2">fast</subfield><subfield code="0">(OCoLC)fst01213271</subfield></datafield><datafield ind1=" " ind2="7" tag="651"><subfield code="a">Oklahoma</subfield><subfield code="z">Indian Territory.</subfield><subfield code="2">fast</subfield><subfield code="0">(OCoLC)fst01225150</subfield></datafield><datafield ind1=" " ind2="7" tag="651"><subfield code="a">Oklahoma</subfield><subfield code="z">Muskogee.</subfield><subfield code="2">fast</subfield><subfield code="0">(OCoLC)fst01218306</subfield></datafield><datafield ind1=" " ind2="7" tag="651"><subfield code="a">Oklahoma</subfield><subfield code="z">Muskogee County.</subfield><subfield code="2">fast</subfield><subfield code="0">(OCoLC)fst01218307</subfield></datafield><datafield ind1=" " ind2="7" tag="651"><subfield code="a">Oklahoma</subfield><subfield code="z">Okfuskee County.</subfield><subfield code="2">fast</subfield><subfield code="0">(OCoLC)fst01216112</subfield></datafield><datafield ind1=" " ind2=" " tag="752"><subfield code="a">United States</subfield><subfield code="b">Oklahoma</subfield><subfield code="c">Okfuskee</subfield><subfield code="d">Boley.</subfield></datafield><datafield ind1=" " ind2=" " tag="752"><subfield code="a">United States</subfield><subfield code="b">Oklahoma</subfield><subfield code="c">Muskogee</subfield><subfield code="d">Muskogee.</subfield></datafield><datafield ind1="0" ind2="5" tag="780"><subfield code="t">Watchman lantern</subfield></datafield><datafield ind1="0" ind2="0" tag="785"><subfield code="t">Weekly progress (Muskogee, Okla.)</subfield><subfield code="w">(DLC)sn 83025096</subfield><subfield code="w">(OCoLC)9239064</subfield></datafield></record>